@book{jaszczuk,
    author    = "Witold Jaszczuk",
    title     = {\href{https://kamami.pl/elektrotechnika/217243-elektromagnesy-pradu-stalego-dla-praktykow.html?search_query=elektromagnesy&results=2}{Elektromagnesy prądu stałego dla praktyków}},
    publisher = "Wydawnictwo BTC",
    edition   = "1",
    year      = "Legionowo 2014",
    }
    
@book{przepiorkowski,
    author    = "Jacek Przepiórkowski",
    title     = {\href{https://kamami.pl/elektrotechnika/188034-silniki-elektryczne-w-praktyce-elektronika-wyd-2.html?search_query=przepiorkowski&results=2}{Silniki elektryczne w praktyce elektronika}},
    publisher = "Wydawnictwo BTC",
    edition   = "2",
    year      = "Warszawa 2012",
    }
    
@book{zawirski,
    author    = "Krzysztof Zawirski and Jan Deskur and Tadeusz Kaczmarek",
    title     = {\href{http://www.ed.put.poznan.pl/ksiazki/ISBN_978-83-7775-160-2}{Automatyka napędu elektrycznego}},
    publisher = "Wydawnictwo Politechniki Poznańskiej",
    edition   = "1",
    year      = "Poznań 2012",
    }
    
@misc{wikiRegPrawDlon,
	author    = "José Fernando",
    title     = "Wikimedia Commons",
    note      = {\url{https://commons.wikimedia.org/wiki/File:Manoderecha.svg}},
    year      = "2008",
    }
    
@book{kaluszko,
    author    = "D Kałuszko and J W Szamotulski",
    title     = "SI. Legalne jednostki miar. Podstawowe przepisy prawne i komentarz",
    publisher = "Wydawnictwa normalizacyjne",
    year      = "Warszawa 1978",
    }   
    
@misc{oprWlasne,
	author    = "Łukasz Przeniosło",
    title     = "Opracowanie własne",
    }

